@ARTICLE{ARTICLE:DaveEvans,
    AUTHOR="Dave Evans",
    TITLE="Hacia adonde se dirige la tecnología",
    JOURNAL="Cisco Internet Business Solutions Group (IBSG)",
    YEAR="2011",
}

@ARTICLE{ARTICLE:21cfr11,
    AUTHOR="U.S. Department of Health and Human Services",
    TITLE="Guidance for Industry",
    JOURNAL="Center for Drug Evaluation and Research (CDER)",
    YEAR="2003",
}

@ARTICLE{ARTICLE:Temperature,
    AUTHOR="Jean Bédard",
    TITLE="Temperature mapping of storage areas",
    JOURNAL="Technical supplement to WHO Technical Report Series, No. 961, 2011",
    YEAR="2014",
}

@BOOK{BOOK:1,
    AUTHOR="John Doe",
    TITLE="The Book without Title",
    PUBLISHER="Dummy Publisher",
    YEAR="2100",
}

@INBOOK{BOOK:2,
    AUTHOR="John Doe",
    TITLE="The Book without Title",
    PUBLISHER="Dummy Publisher",
    YEAR="2100",
    PAGES="100-200",
}

@MISC{WEBSITE:Gador,
	HOWPUBLISHED = "\url{https://www.gador.com.ar/corporacion/mision-gador/}",
	AUTHOR = "Gador",
	TITLE = "Misión Gador",
	MONTH = "4",
	YEAR = "2021",
	URLDATE = {2021-04-26}
}

@MISC{WEBSITE:Material,
	HOWPUBLISHED = "\url{https://material.io/blog/mda-2020-winners}",
	AUTHOR = "Google",
	TITLE = "Announcing the Material Design Award Winners for 2020",
	MONTH = "12",
	YEAR = "2020",
	URLDATE = {2021-02-04}
}

@MISC{WEBSITE:AWSBayer,
	HOWPUBLISHED = "\url{https://aws.amazon.com/es/solutions/case-studies/bayer-cropscience/?c=i&sec=cs3}",
	AUTHOR = "AWS",
	TITLE = "Bayer Crop Science Drives Innovation in Precision Agriculture Using AWS IoT",
	MONTH = "03",
	YEAR = "2021",
	URLDATE = {2021-03-06}
}

@MISC{WEBSITE:mongodbSharding,
	HOWPUBLISHED = "\url{https://docs.mongodb.com/manual/sharding}",
	AUTHOR = "mongoDB",
	TITLE = "Sharding",
	MONTH = "03",
	YEAR = "2021",
	URLDATE = {2021-03-06}
}

@MISC{WEBSITE:WhatContainer,
	HOWPUBLISHED = "\url{https://www.docker.com/resources/what-container}",
	AUTHOR = "Docker",
	TITLE = "What is a container",
	MONTH = "03",
	YEAR = "2021",
	URLDATE = {2021-03-07}
}

@MISC{WEBSITE:WhatDockerCompose,
	HOWPUBLISHED = "\url{https://docs.docker.com/compose/}",
	AUTHOR = "docker docs",
	TITLE = "Overview for Docker Compose",
	MONTH = "03",
	YEAR = "2021",
	URLDATE = {2021-03-07}
}

@MISC{WEBSITE:MongoHome,
	HOWPUBLISHED = "\url{https://www.mongodb.com/es}",
	AUTHOR = "mongoDB",
	TITLE = "La base de datos líder para aplicaciones modernas",
	MONTH = "03",
	YEAR = "2021",
	URLDATE = {2021-03-07}
}

@MISC{WEBSITE:DBRanking,
	HOWPUBLISHED = "\url{https://db-engines.com/en/ranking}",
	AUTHOR = "DB-Engines",
	TITLE = "DB-Engines Ranking",
	MONTH = "03",
	YEAR = "2021",
	URLDATE = {2021-03-07}
}

@MISC{WEBSITE:Express,
	HOWPUBLISHED = "\url{https://venturebeat.com/2012/01/07/building-consumer-apps-with-node/}",
	AUTHOR = "Paul Serby",
	TITLE = "How and why to build a consumer app with Node.js",
	MONTH = "01",
	YEAR = "2012",
	URLDATE = {2021-03-08}
}

@MISC{WEBSITE:dockerhubModbus,
	HOWPUBLISHED = "\url{https://hub.docker.com/r/oitc/modbus-server}",
	AUTHOR = "Michael Oberdorf",
	TITLE = "oitc/modbus-server",
	MONTH = "03",
	YEAR = "2021",
	URLDATE = {2021-03-08}
}

@MISC{WEBSITE:checkmk,
	HOWPUBLISHED = "\url{https://www.capterra.co/software/181692/check-mk}",
	AUTHOR = "Capterra",
	TITLE = "Herramientas de monitorización de redes",
	MONTH = "03",
	YEAR = "2021",
	URLDATE = {2021-03-15}
}

@MISC{WEBSITE:neo4j,
	HOWPUBLISHED = "\url{https://neo4j.com/}",
	AUTHOR = "neo4j",
	TITLE = "Página de inicio",
	MONTH = "03",
	YEAR = "2021",
	URLDATE = {2021-03-15}
}

@MISC{WEBSITE:nodejs,
	HOWPUBLISHED = "\url{https://www.simplilearn.com/understanding-node-js-architecture-article}",
	AUTHOR = "Eshna Verma",
	TITLE = "The A-Z of Node.js",
	MONTH = "03",
	YEAR = "2021",
	URLDATE = {2021-03-15}
}

@MISC{WEBSITE:HoneywellEBI600,
	HOWPUBLISHED = "\url{https://buildings.honeywell.com/us/en/solutions/optimization/ebi-600}",
	AUTHOR = "Honeywell",
	TITLE = "EBI 600",
	MONTH = "4",
	YEAR = "2021",
	URLDATE = {2021-04-24}
}

@MISC{contrib:redis,
	author =	{{the Docker Community}},
	title =	{redis},
	url =	{https://hub.docker.com/_/redis},
	note =	{Disponible: 2021-03-13},
 }

@MANUAL{dallas:ds18b20,
    organization  = "Dallas Semiconductor",
    title         = "DS18B20 Programmable Resolution 1-Wire Digital Thermometer",
    number        = "050400",
    year          =  2015,
    note          = "Rev. 3"
}

@book{teton2003,
	title={Gu{\'\i}a t{\'e}cnica de la acuariofilia},
	author={Teton, J.},
	isbn={9788489840249},
	series={Gu{\'\i}as t{\'e}cnicas},
	url={https://books.google.com.ar/books?id=6vrjovWkQicC},
	year={2003},
	publisher={Tursen S.A. - H. Blume}
}

@book{IEEE:citation,
	author={IEEE},
	title={IEEE Citation Reference},
	edition={1},
	url={http://www.ieee.org/documents/ieeecitationref.pdf},
	urldate={2016-9-26},
	publisher={IEEE Publications},
	year={2016}
}

@misc{CIAA,
	author = {{Proyecto CIAA}},
	title = {Computadora Industrial Abierta Argentina},
	url = {http://proyecto-ciaa.com.ar/devwiki/doku.php?id=start},
	note = {Visitado el 2016-06-25},
	year = {2014}
}

@MISC{lpcopen,
   author =	{{NXP Semiconductors}},
   title =	{LPCOPEN v2.16 Drivers, Middleware and Examples},
   url =	{http://www.nxp.com/products/microcontrollers-and-processors/arm-processors/lpc-cortex-m-mcus/software-tools/lpcopen-libraries-and-examples:LPC-OPEN-LIBRARIES},
   note =	{Disponible: 2016-06-25},
 }
 
@MISC{contrib,
	author =	{{Savannah}},
	title =	{lwIP - A Lightweight TCP/IP stack},
	url =	{http://git.savannah.gnu.org/cgit/lwip/lwip-contrib.git},
	note =	{Disponible: 2016-06-25},
 }

@MISC{webserver,
	author =	{{Savannah}},
	title =	{lwIP - Wiki - Sample Web Server},
	url =	{ http://lwip.wikia.com/wiki/Sample_Web_Server},
	note =	{Disponible: 2016-06-25}
 } 
 


@MISC{sensor_pH,
   author =	{dfRobot},
   title =	{PH meter(SKU: SEN0161)},
   url =	{http://www.dfrobot.com/wiki/index.php?title=PH_meter(SKU:_SEN0161)},
   note =	{Disponible: 2016-06-25},
}

@misc{rfc2616,
	series =	{Request for Comments},
	number=		2616,
	howpublished=	{RFC 2616},
	publisher =	{RFC Editor},
	doi =		{10.17487/rfc2616},
	url =		{https://rfc-editor.org/rfc/rfc2616.txt},
	author=		{Jeffrey Mogul and Larry M Masinter and Roy T. Fielding and Jim Gettys and Paul J. Leach and Tim Berners-Lee},
	title=		{{Hypertext Transfer Protocol -- HTTP/1.1}},
	pagetotal =	176,
	year =		2013,
	month =		3,
	day =		2,
	abstract =	{HTTP has been in use by the World-Wide Web global information initiative since 1990. This specification defines the protocol referred to as &quot;HTTP/1.1&quot;, and is an update to RFC 2068. [STANDARDS-TRACK]},
}

@misc{rfc3875,
	series =	{Request for Comments},
	number=		3875,
	howpublished=	{RFC 3875},
	publisher =	{RFC Editor},
	doi =		{10.17487/rfc3875},
	url =		{https://rfc-editor.org/rfc/rfc3875.txt},
	author=		{David Robinson},
	title=		{{The Common Gateway Interface (CGI) Version 1.1}},
	pagetotal =	36,
	year =		2013,
	month =		mar,
	day =		20,
	abstract =	{The Common Gateway Interface (CGI) is a simple interface for running external programs, software or gateways under an information server in a platform-independent manner. Currently, the supported information servers are HTTP servers.},
}

@misc{rfc7540,
	series =	{Request for Comments},
	number=		7540,
	howpublished=	{RFC 7540},
	publisher =	{RFC Editor},
	doi =		{10.17487/rfc7540},
	url =		{https://rfc-editor.org/rfc/rfc7540.txt},
	author=		{Mike Belshe and Roberto Peon and Martin Thomson},
	title=		{{Hypertext Transfer Protocol Version 2 (HTTP/2)}},
	pagetotal =	96,
	year =		2015,
	month =		nov,
	day =		18,
	abstract =	{This specification describes an optimized expression of the semantics of the Hypertext Transfer Protocol (HTTP), referred to as HTTP version 2 (HTTP/2). HTTP/2 enables a more efficient use of network resources and a reduced perception of latency by introducing header field compression and allowing multiple concurrent exchanges on the same connection. It also introduces unsolicited push of representations from servers to clients.},
}

@inproceedings{dorsemaine2016new,
  title={A new approach to investigate IoT threats based on a four layer model},
  author={Dorsemaine, Bruno and Gaulier, Jean-Philippe and Wary, Jean-Philippe and Kheir, Nizar and Urien, Pascal},
  booktitle={2016 13th International Conference on New Technologies for Distributed Systems (NOTERE)},
  pages={1--6},
  year={2016},
  organization={IEEE}
}

@inproceedings{munar2014big,
  title={A big data financial information management architecture for global banking},
  author={Munar, Antoni and Chiner, Esteban and Sales, Ignacio},
  booktitle={2014 International Conference on Future Internet of Things and Cloud},
  pages={385--388},
  year={2014},
  organization={IEEE}
}

@article{nguyen2015zing,
  title={Zing database: high-performance key-value store for large-scale storage service},
  author={Nguyen, Thanh Trung and Nguyen, Minh Hieu},
  journal={Vietnam Journal of Computer Science},
  volume={2},
  number={1},
  pages={13--23},
  year={2015},
  publisher={Springer}
}

@article{gutierrez2019herramienta,
  title={Herramienta para el desarrollo dirigido por modelos de bases de datos documentales seguras},
  author={Guti{\'e}rrez Cano, Sergio and others},
  year={2019}
}

@article{abadi2009column,
  title={Column-oriented database systems},
  author={Abadi, Daniel J and Boncz, Peter A and Harizopoulos, Stavros},
  journal={Proceedings of the VLDB Endowment},
  volume={2},
  number={2},
  pages={1664--1665},
  year={2009},
  publisher={VLDB Endowment}
}

@article{gyssens1994graph,
  title={A graph-oriented object database model},
  author={Gyssens, Marc and Paredaens, Jan and Van den Bussche, Jan and Van Gucht, Dirk},
  journal={IEEE Transactions on knowledge and Data Engineering},
  volume={6},
  number={4},
  pages={572--586},
  year={1994},
  publisher={IEEE}
}

@MISC{WEBSITE:Angulario,
	HOWPUBLISHED = "\url{https://angular.io/}",
	AUTHOR = "Google",
	TITLE = "The modern web developer's platform",
	MONTH = "04",
	YEAR = "2021",
	URLDATE = {2021-04-24}
}

@book{burns2018kubernetes,
  title={Kubernetes},
  author={Burns, Brendan and Beda, Joe and Hightower, Kelsey},
  year={2018},
  publisher={Dpunkt}
}

@inproceedings{betke2017real,
  title={Real-time I/O-monitoring of HPC applications with SIOX, elasticsearch, Grafana and FUSE},
  author={Betke, Eugen and Kunkel, Julian},
  booktitle={International Conference on High Performance Computing},
  pages={174--186},
  year={2017},
  organization={Springer}
}

@book{da2015redis,
  title={Redis Essentials},
  author={Da Silva, Maxwell Dayvson and Tavares, Hugo Lopes},
  year={2015},
  publisher={Packt Publishing Ltd}
}

@inproceedings{mesbah2007migrating,
  title={Migrating multi-page web applications to single-page Ajax interfaces},
  author={Mesbah, Ali and Van Deursen, Arie},
  booktitle={11th European Conference on Software Maintenance and Reengineering (CSMR'07)},
  pages={181--190},
  year={2007},
  organization={IEEE}
}

@MISC{WEBSITE:AngularMaterialio,
	HOWPUBLISHED = "\url{https://material.angular.io/}",
	AUTHOR = "Google",
	TITLE = "Material Design components for Angular",
	MONTH = "04",
	YEAR = "2021",
	URLDATE = {2021-04-24}
}

@inproceedings{zhou2014rest,
  title={REST API design patterns for SDN northbound API},
  author={Zhou, Wei and Li, Li and Luo, Min and Chou, Wu},
  booktitle={2014 28th international conference on advanced information networking and applications workshops},
  pages={358--365},
  year={2014},
  organization={IEEE}
}

@MISC{WEBSITE:ExpressPage,
	HOWPUBLISHED = "\url{https://expressjs.com/es/}",
	AUTHOR = "Expressjs",
	TITLE = "Inicio",
	MONTH = "04",
	YEAR = "2021",
	URLDATE = {2021-04-24}
}

@MISC{WEBSITE:CORS,
	HOWPUBLISHED = "\url{https://developer.mozilla.org/es/docs/Web/HTTP/CORS}",
	AUTHOR = "Mozilla",
	TITLE = "Control de acceso HTTP (CORS)",
	MONTH = "04",
	YEAR = "2021",
	URLDATE = {2021-04-24}
}

@MISC{WEBSITE:CORSjs,
	HOWPUBLISHED = "\url{https://www.npmjs.com/package/cors}",
	AUTHOR = "npm",
	TITLE = "cors",
	MONTH = "04",
	YEAR = "2021",
	URLDATE = {2021-04-24}
}

@MISC{WEBSITE:WSjs,
	HOWPUBLISHED = "\url{https://www.npmjs.com/package/ws}",
	AUTHOR = "npm",
	TITLE = "ws",
	MONTH = "04",
	YEAR = "2021",
	URLDATE = {2021-04-24}
}

@MISC{WEBSITE:EclipsePaho,
	HOWPUBLISHED = "\url{https://www.eclipse.org/paho/}",
	AUTHOR = "Eclipse Foundation",
	TITLE = "paho",
	MONTH = "04",
	YEAR = "2021",
	URLDATE = {2021-04-24}
}

@MISC{WEBSITE:MQTTjs,
	HOWPUBLISHED = "\url{https://github.com/mqttjs}",
	AUTHOR = "MQTTjs",
	TITLE = "MQTTjs node and Javascript MQTT client and parser",
	MONTH = "04",
	YEAR = "2021",
	URLDATE = {2021-04-24}
}

@MISC{WEBSITE:pyModbusTCP,
	HOWPUBLISHED = "\url{https://pymodbustcp.readthedocs.io/en/latest/}",
	AUTHOR = "PyModbusTCP",
	TITLE = "Welcome to pyModbusTCP’s documentation",
	MONTH = "04",
	YEAR = "2021",
	URLDATE = {2021-04-24}
}

@MISC{WEBSITE:mongoose,
	HOWPUBLISHED = "\url{https://mongoosejs.com/}",
	AUTHOR = "mongoose",
	TITLE = "mongoose, elegant mongodb object modeling for node.js",
	MONTH = "04",
	YEAR = "2021",
	URLDATE = {2021-04-24}
}

@article{olivera2014jwt,
  title={JWT: Json Web Token},
  author={Olivera, Joaqu{\i}n},
  journal={Universidad Cat{\'o}lica” Nuestra Se{\~n}ora de la Asunci{\'o}n”, Teor{\'\i}a y Aplicaci{\'o}n de la Inform{\'a}tica},
  volume={2},
  pages={18},
  year={2014}
}